<?xml version="1.0" encoding="UTF-8"?><collection xmlns="http://www.loc.gov/MARC21/slim"><record><leader>00459nam--2200181-u-4500</leader><controlfield tag="001">000051438</controlfield><controlfield tag="002">20161230</controlfield><controlfield tag="005">20161230201049</controlfield><controlfield tag="008">080716s1000------------r-----000-0-eng-d</controlfield><datafield ind1=" " ind2=" " tag="040"><subfield code="a">IFIN-HH</subfield></datafield><datafield ind1=" " ind2=" " tag="080"><subfield code="a">510.6</subfield></datafield><datafield ind1="1" ind2=" " tag="100"><subfield code="a">Ershova,Yu.l.(red.)</subfield></datafield><datafield ind1="1" ind2="0" tag="245"><subfield code="a">Teoriya Modelei</subfield></datafield><datafield ind1=" " ind2=" " tag="260"><subfield code="a">Moskva</subfield><subfield code="b">Nauka</subfield><subfield code="c">1982</subfield></datafield><datafield ind1=" " ind2=" " tag="300"><subfield code="a">392 p</subfield></datafield><datafield ind1=" " ind2=" " tag="490"><subfield code="a">Spavochnaya Kniga po Matematicheskoi Logike</subfield><subfield code="v">Chasct I</subfield></datafield><datafield ind1=" " ind2=" " tag="852"><subfield code="a">75620</subfield><subfield code="c">517.11</subfield></datafield><datafield ind1=" " ind2=" " tag="CAT"><subfield code="a">Sys</subfield><subfield code="c">20080716</subfield><subfield code="h">065201</subfield></datafield></record></collection>